%% CHAPTER 2

@article{ref:pdg2024,
  author       = {S. Navas and others},
  collaboration= {Particle Data Group},
  title        = {Review of Particle Physics},
  journal      = {Phys. Rev. D},
  volume       = {110},
  number       = {3},
  pages        = {030001},
  year         = {2024},
  doi          = {10.1103/PhysRevD.110.030001},
  url          = {https://link.aps.org/doi/10.1103/PhysRevD.110.030001}
}

@article{ref:fan_2023,
   title={Measurement of the Electron Magnetic Moment},
   volume={130},
   ISSN={1079-7114},
   url={http://dx.doi.org/10.1103/PhysRevLett.130.071801},
   DOI={10.1103/physrevlett.130.071801},
   number={7},
   journal={Physical Review Letters},
   publisher={American Physical Society (APS)},
   author={Fan, X. and Myers, T. G. and Sukra, B. A. D. and Gabrielse, G.},
   year={2023},
   month=feb 
}

@article{ref:duan2010collective,
  title={Collective neutrino oscillations},
  author={Duan, Huaiyu and Fuller, George M and Qian, Yong-Zhong},
  journal={Annual Review of Nuclear and Particle Science},
  volume={60},
  number={1},
  pages={569--594},
  year={2010},
  publisher={Annual Reviews}
}

@article{ref:cms2012observation,
  title={Observation of a new boson at a mass of 125 GeV with the CMS experiment at the LHC},
  author={Cms Collaboration and others},
  journal={arXiv preprint arXiv:1207.7235},
  year={2012}
}


@article{ref:atlas2012observation,
  title={Observation of a new particle in the search for the Standard Model Higgs boson with the ATLAS detector at the LHC},
  author={Atlas Collaboration and others},
  journal={arXiv preprint arXiv:1207.7214},
  year={2012}
}

@misc{ref:harlow2024,
  author       = {Daniel Harlow},
  title        = {Quantum Field Theory I and II},
  howpublished = {MIT Lecture Notes},
  note         = {Spring 2024},
  year         = {2024}
}

@article{ref:burdman_2002,
   title={Rare charm decays in the standard model and beyond},
   volume={66},
   ISSN={1089-4918},
   url={http://dx.doi.org/10.1103/PhysRevD.66.014009},
   DOI={10.1103/physrevd.66.014009},
   number={1},
   journal={Physical Review D},
   publisher={American Physical Society (APS)},
   author={Burdman, Gustavo and Golowich, Eugene and Hewett, JoAnne and Pakvasa, Sandip},
   year={2002},
   month=jul 
}

%% CHAPTER 3

@article{ref:Lopienska,
      author        = "Lopienska, Ewa",
      title         = "{The CERN accelerator complex, layout in 2022. Complexe
                       des accélérateurs du CERN en janvier 2022}",
      year          = "2022",
      url           = "https://cds.cern.ch/record/2800984",
      note          = "General Photo",
}

@article{ref:sakuma,
      author        = "Sakuma, Tai",
      collaboration = "CMS",
      title         = "{Cutaway diagrams of CMS detector}",
      year          = "2019",
      url           = "https://cds.cern.ch/record/2665537",
}

%% CHAPTER 4 

@inproceedings{ref:verkerke2003roofit,
  author       = {W. Verkerke and D. P. Kirkby},
  title        = {The RooFit toolkit for data modeling},
  booktitle    = {eConf C0303241},
  year         = {2003},
  pages        = {MOLT007},
  eprint       = {physics/0306116},
  archivePrefix= {arXiv},
  primaryClass = {physics}
}

@article{ref:2023b0mumu,
  author       = {CMS Collaboration},
  title        = {Measurement of the $B^0 \to \mu^+ \mu^-$ decay properties and search for the $B^0_s \to \mu^+ \mu^-$ decay in proton-proton collisions at $\sqrt{s} = 13$ TeV},
  journal      = {Phys. Lett. B},
  volume       = {842},
  year         = {2023},
  pages        = {137955},
  doi          = {10.1016/j.physletb.2023.137955},
  archivePrefix = {arXiv},
  eprint       = {2212.10311}
}

@article{ref:lhcb_2023,
   title={Search for Rare Decays of D0
 Mesons into Two Muons},
   volume={131},
   ISSN={1079-7114},
   url={http://dx.doi.org/10.1103/PhysRevLett.131.041804},
   DOI={10.1103/physrevlett.131.041804},
   number={4},
   journal={Physical Review Letters},
   publisher={American Physical Society (APS)},
   author={Aaij, R. and Abdelmotteleb, A. S. W. and },
   year={2023},
   month=jul }


@inproceedings{ref:Prokofiev_Speer_2005,
  author    = {Prokofiev, K. and Speer, T.},
  title     = {A kinematic and a decay chain reconstruction library},
  booktitle = {Proceedings of the International Conference on Computing in High Energy Physics (CHEP '05)},
  pages     = {411},
  year      = {2005},
  publisher = {CERN},
  doi       = {10.5170/CERN-2005-002.411},
  url       = {https://cds.cern.ch/record/865614}
}

@inproceedings{ref:chen_Guestrin_2016,
  author    = {Tianqi Chen and Carlos Guestrin},
  title     = {XGBoost: A Scalable Tree Boosting System},
  booktitle = {Proceedings of the 22nd ACM SIGKDD International Conference on Knowledge Discovery and Data Mining (KDD '16)},
  pages     = {785--794},
  year      = {2016},
  publisher = {ACM},
  address   = {New York, NY, USA},
  doi       = {10.1145/2939672.2939785},
  url       = {https://doi.org/10.1145/2939672.2939785}
}

@article{ref:dauncey_2015,
  author    = {P. D. Dauncey and M. Kenzie and N. Wardle and G. J. Davies},
  title     = {Handling uncertainties in background shapes: the discrete profiling method},
  journal   = {Journal of Instrumentation},
  volume    = {10},
  year      = {2015},
  pages     = {P04015},
  doi       = {10.1088/1748-0221/10/04/P04015},
  archivePrefix = {arXiv},
  eprint    = {1408.6865},
  primaryClass = {physics.data-an},
  url       = {https://doi.org/10.1088/1748-0221/10/04/P04015}
}



